<?xml version="1.0" encoding="UTF-8"?><collection xmlns="http://www.loc.gov/MARC21/slim"><record><leader>00360nam--2200133-i-4500</leader><controlfield tag="001">000040873</controlfield><controlfield tag="002">20161230</controlfield><controlfield tag="005">20161230201042</controlfield><controlfield tag="008">060222s1000------------r-----000-0-eng-d</controlfield><datafield ind1=" " ind2=" " tag="080"><subfield code="a">629.1</subfield></datafield><datafield ind1=" " ind2=" " tag="100"><subfield code="a">Sciapov,N.P</subfield></datafield><datafield ind1=" " ind2=" " tag="245"><subfield code="a">Influenta indreptarii la rece asupra rezistentei pieselor de otel</subfield></datafield><datafield ind1=" " ind2=" " tag="260"><subfield code="a">Bucuresti, Ed.Cailor Ferate, 1954. 123 P</subfield></datafield><datafield ind1=" " ind2=" " tag="852"><subfield code="a">26146</subfield></datafield></record></collection>